%------------------------------------------------------------------ %
%                           INTRODUCTION REFS                       %
%------------------------------------------------------------------ %


%------------------------------------------------------------------ %

@book{CNJ2020,
address = {Bras{\'{i}}lia},
author = {CNJ},
editor = {CNJ},
pages = {236},
publisher = {CNJ},
title = {{Justi{\c{c}}a em N{\'{u}}meros 2020}},
year = {2020}
}

%------------------------------------------------------------------ %

@incollection{Watanabe1985,
  author={Kazuo Watanabe},
  year= 1985, 
  chapter={Filosofia e características básicas do Juizado Especial de Pequenas Causas}, 
  editor = {Kazuo Watanabe}, 
  booktitle= {Juizado Especial de Pequenas Causas: lei n. 7.244/1984},
  publisher= {Revista dos Tribunais},
  address= {São Paulo}, 
}

%------------------------------------------------------------------ %

@article{Sabo2021,
author = {Sabo, Isabela Cristina and {Dal Pont}, Thiago Raulino and Wilton, Pablo Ernesto Vigneaux and Rover, Aires Jos{\'{e}} and H{\"{u}}bner, Jomi Fred},
doi = {10.1007/s10506-021-09287-3},
file = {:home/trdp/Downloads/Sabo_et_al-2021-Artificial_Intelligence_and_Law.pdf:pdf},
issn = {0924-8463},
journal = {Artificial Intelligence and Law},
keywords = {Air transport service,Consumer law,Unsupervised le,affinity propagation,air transport service,consumer law,hierarchical clustering,k-means,lingo,unsupervised learning},
month = {apr},
number = {0123456789},
pages = {1--37},
publisher = {Springer Netherlands},
title = {{Clustering of Brazilian legal judgments about failures in air transport service: an evaluation of different approaches}},
url = {https://doi.org/10.1007/s10506-021-09287-3 https://link.springer.com/10.1007/s10506-021-09287-3},
year = {2021}
}


@incollection{DalPont2020,
address = {Cham},
author = {{Dal Pont}, Thiago Raulino and Sabo, Isabela Cristina and H{\"{u}}bner, Jomi Fred and Rover, Aires Jos{\'{e}}},
doi = {10.1007/978-3-030-61377-8_36},
editor = {Cerri, Ricardo and Prati, Ronaldo C.},
file = {:home/trdp/.local/share/data/Mendeley Ltd./Mendeley Desktop/Downloaded/Dal Pont et al. - 2020 - Impact of Text Specificity and Size on Word Embeddings Performance An Empirical Evaluation in Brazilian Legal D.pdf:pdf},
isbn = {978-3-030-61376-1},
mendeley-groups = {Computer Science/Artificial Intelligence/BRACIS 2020},
pages = {521--535},
publisher = {Springer International Publishing},
series = {Lecture Notes in Computer Science},
title = {{Impact of Text Specificity and Size on Word Embeddings Performance: An Empirical Evaluation in Brazilian Legal Domain}},
url = {http://link.springer.com/10.1007/978-3-030-61377-8_36},
volume = {12319},
year = {2020}
}

@article{Sabo2019,
author = {Sabo, Isabela Cristina and {Dal Pont}, Thiago Raulino and Rover, Aires Jos{\'{e}} and H{\"{u}}bner, Jomi Fred},
file = {:home/trdp/.local/share/data/Mendeley Ltd./Mendeley Desktop/Downloaded/Sabo, Raulino, Pont - Unknown - CLASSIFICA{\c{C}}{\~{A}}O DE SENTEN{\c{C}}AS DE JUIZADO ESPECIAL CLASSIFICATION OF SPECIAL CIVIL COURT JUDGMENTS USING.pdf:pdf},
journal = {Revista Democracia Digital e Governo Eletr{\^{o}}nico},
number = {18},
pages = {94--106},
title = {{Classifica{\c{c}}{\~{a}}o de senten{\c{c}}as de Juizado Especial C{\'{i}}vel utilizando aprendizado de m{\'{a}}quina}},
volume = {1},
year = {2019}
}




% ------------------------------------------
%%          INTRODUCTION
% ------------------------------------------
@book{Russell2020,
author = {Russell, Stuart and Norvig, Peter},
isbn = {978-0-13-604259-4},
publisher = {Pearson},
title = {{Artificial Intelligence: A Modern Approach}},
year = {2020}
}
